@book{schreiner2009computernetzwerke,
  title={Computernetzwerke: Von den Grundlagen zur Funktion und Anwendung},
  author={Schreiner, R.},
  isbn={9783446419223},
  url={http://books.google.de/books?id=hR2SIHMtLf4C},
  year={2009},
  publisher={Hanser}
}
