%% This BibTeX bibliography file was created using BibDesk.
%% http://bibdesk.sourceforge.net/


%% Created for Fabian Grunau at 2013-06-03 01:41:57 +0200 


%% Saved with string encoding Unicode (UTF-8) 



@book{freidinger2004geschaeftsprozesse,
	Author = {Freidinger, R.},
	Date-Added = {2013-06-02 23:33:47 +0000},
	Date-Modified = {2013-06-02 23:33:47 +0000},
	Isbn = {9783638285636},
	Publisher = {GRIN Verlag},
	Title = {Gesch{\"a}ftsprozesse im Unternehmen - Teil 4 - Managen und Optimieren von Prozessen},
	Url = {http://books.google.de/books?id=GGLsWUsO52AC},
	Year = {2004},
	Bdsk-Url-1 = {http://books.google.de/books?id=GGLsWUsO52AC}}

@book{stub2010modellierung,
	Author = {Stub, M.},
	Date-Added = {2013-06-02 21:03:00 +0000},
	Date-Modified = {2013-06-02 21:03:00 +0000},
	Isbn = {9783640564200},
	Publisher = {Hammer, Patrick, Tanja Hammer, Matthias Knoop, Julius Mittenzwei, Georg Steinbach u. Michael Teltscher. GRIN Verlag GbR},
	Title = {Modellierung eines Gesch{\"a}ftsprozesses zur zentralen elektronischen Verwahrung erbfolgerelevanter Urkunden},
	Url = {http://books.google.de/books?id=gYzp5a\_IdpYC},
	Year = {2010},
	Bdsk-Url-1 = {http://books.google.de/books?id=gYzp5a%5C_IdpYC}}

@misc{gehring1998,
	Author = {Gehring, H.},
	Date-Added = {2013-06-02 20:01:05 +0000},
	Date-Modified = {2013-06-02 20:04:12 +0000},
	Howpublished = {Fernuniversit{\"a}t Hagen},
	Title = {Betriebliche Anwendungssysteme, Kurs 00825, Integrierte betriebliche Informationsverarbeitung},
	Year = {1998}}

@book{decker2011modellierung,
	Author = {Decker, M.},
	Date-Added = {2013-05-20 16:05:55 +0000},
	Date-Modified = {2013-05-20 16:05:55 +0000},
	Isbn = {9783866447325},
	Publisher = {KIT Scientific Publ.},
	Series = {Schriftenreihe},
	Title = {Modellierung ortsabh{\"a}ngiger Zugriffskontrolle f{\"u}r mobile Gesch{\"a}ftsprozesse},
	Url = {http://books.google.de/books?id=LDehNA7nuF4C},
	Year = {2011},
	Bdsk-Url-1 = {http://books.google.de/books?id=LDehNA7nuF4C}}

@book{schmidt2007barcode,
	Author = {Schmidt, M.},
	Date-Added = {2013-05-20 14:40:29 +0000},
	Date-Modified = {2013-05-20 14:40:29 +0000},
	Isbn = {9783638797320},
	Publisher = {Hammer, Patrick, Tanja Hammer, Matthias Knoop, Julius Mittenzwei, Georg Steinbach u. Michael Teltscher. GRIN Verlag GbR},
	Title = {Barcode versus RFID - Eine Gegen{\"u}berstellung der Vor- und Nachteile},
	Url = {http://books.google.de/books?id=x4qwWxDN2\_YC},
	Year = {2007},
	Bdsk-Url-1 = {http://books.google.de/books?id=x4qwWxDN2%5C_YC}}

@book{finkenzeller2008rfid,
	Author = {Finkenzeller, K.},
	Date-Added = {2013-05-20 14:39:12 +0000},
	Date-Modified = {2013-05-20 14:39:12 +0000},
	Isbn = {9783446412002},
	Publisher = {Hanser},
	Title = {RFID-Handbuch: Grundlagen und praktische Anwendungen von Transpondern, kontaktlosen Chipkarten und NFC},
	Url = {http://books.google.de/books?id=49HTBDrfqFUC},
	Year = {2008},
	Bdsk-Url-1 = {http://books.google.de/books?id=49HTBDrfqFUC}}

@article{ymmbkillerapp,
	Author = {Hubschneider, Martin and K{\"o}lmel, Bernhard},
	Date-Added = {2013-05-18 21:32:07 +0000},
	Date-Modified = {2013-05-18 21:40:34 +0000},
	Journal = {e-lba.com},
	Title = {Mobile Business - Location Based Services als Killerapplikation},
	Year = {2002}}

@book{pashtan2005mobile,
	Author = {Pashtan, A.},
	Date-Added = {2013-05-12 22:29:31 +0000},
	Date-Modified = {2013-05-12 22:29:31 +0000},
	Isbn = {9780521830492},
	Lccn = {2004054623},
	Publisher = {Cambridge University Press},
	Title = {Mobile Web Services},
	Url = {http://books.google.de/books?id=7Kd5DrAHyH4C},
	Year = {2005},
	Bdsk-Url-1 = {http://books.google.de/books?id=7Kd5DrAHyH4C}}

@url{glympse,
	Author = {Glympse},
	Date-Added = {2013-05-12 22:25:16 +0000},
	Date-Modified = {2013-05-12 22:26:21 +0000},
	Lastchecked = {13.05.13},
	Title = {Glympse - Location Sharing},
	Bdsk-Url-1 = {http://www.glympse.com}}

@url{gglmapsapi,
	Author = {Google},
	Date-Added = {2013-05-12 21:43:43 +0000},
	Date-Modified = {2013-05-12 21:44:36 +0000},
	Lastchecked = {12.05.13},
	Title = {Google Maps API},
	Bdsk-Url-1 = {https://developers.google.com/maps/?hl=de}}

@book{ertugrul2011erlaeuterung,
	Author = {Ertugrul, M.},
	Date-Added = {2013-05-12 21:31:47 +0000},
	Date-Modified = {2013-05-12 21:31:47 +0000},
	Isbn = {9783640825226},
	Publisher = {GRIN Verlag},
	Title = {Erl{\"a}uterung des API-Ansatzes},
	Url = {http://books.google.de/books?id=meKgAOx7bqIC},
	Year = {2011},
	Bdsk-Url-1 = {http://books.google.de/books?id=meKgAOx7bqIC}}

@book{bauer2009handbuch,
	Author = {Bauer, L. and Reimer, S.},
	Date-Added = {2013-05-06 22:20:17 +0000},
	Date-Modified = {2013-05-06 22:20:17 +0000},
	Isbn = {9783708905099},
	Lccn = {2010517256},
	Publisher = {facultas.wuv Universit{\"a}ts},
	Title = {Handbuch Datenschutzrecht},
	Url = {http://books.google.de/books?id=po3KjyxkP-MC},
	Year = {2009},
	Bdsk-Url-1 = {http://books.google.de/books?id=po3KjyxkP-MC}}

@book{degrell2007ortsabhaengige,
	Author = {Degrell, A.},
	Date-Added = {2013-05-06 22:18:36 +0000},
	Date-Modified = {2013-05-06 22:18:36 +0000},
	Isbn = {9783638647281},
	Publisher = {Hammer, Patrick, Tanja Hammer, Matthias Knoop, Julius Mittenzwei, Georg Steinbach u. Michael Teltscher. GRIN Verlag GbR},
	Title = {Ortsabh{\"a}ngige Mobile Dienste und Die Aktuelle Gesetzgebung},
	Url = {http://books.google.de/books?id=HWJyo4aCIT0C},
	Year = {2007},
	Bdsk-Url-1 = {http://books.google.de/books?id=HWJyo4aCIT0C}}

@book{gartner2007location,
	Author = {Gartner, G.F. and Cartwright, W. and Peterson, M.P.},
	Date-Added = {2013-05-05 22:57:03 +0000},
	Date-Modified = {2013-05-05 22:57:03 +0000},
	Isbn = {9783540367284},
	Number = {Bd. 1},
	Publisher = {Springer-Verlag Berlin Heidelberg},
	Series = {Lecture notes in geoinformation and cartography},
	Title = {Location Based Services and TeleCartography},
	Url = {http://books.google.de/books?id=fkFg\_h5prDoC},
	Year = {2007},
	Bdsk-Url-1 = {http://books.google.de/books?id=fkFg%5C_h5prDoC}}

@book{eitzinger2007autoboardcomputer,
	Author = {Eitzinger, A.},
	Date-Added = {2013-05-05 22:55:46 +0000},
	Date-Modified = {2013-05-05 22:55:46 +0000},
	Isbn = {9783638717717},
	Publisher = {GRIN Verlag},
	Title = {Der Autoboardcomputer als zentrales Tool f{\"u}r Location-Based-Services. Zur Akzeptanz von BMW Connected-Drive in {\"O}sterreich},
	Url = {http://books.google.de/books?id=Ndu\_xzCM4OoC},
	Year = {2007},
	Bdsk-Url-1 = {http://books.google.de/books?id=Ndu%5C_xzCM4OoC}}

@book{liu2011location,
	Author = {Liu, Y. and Yang, Z.},
	Date-Added = {2013-05-05 21:45:31 +0000},
	Date-Modified = {2013-05-05 21:45:31 +0000},
	Isbn = {9781441973719},
	Publisher = {Springer New York},
	Title = {Location, Localization, and Localizability: Location-awareness Technology for Wireless Networks},
	Url = {http://books.google.de/books?id=lfQD2xqnLLMC},
	Year = {2011},
	Bdsk-Url-1 = {http://books.google.de/books?id=lfQD2xqnLLMC}}

@book{allsopp2009unauthorised,
	Author = {Allsopp, W.},
	Date-Added = {2013-01-07 09:24:50 +0000},
	Date-Modified = {2013-01-07 09:24:50 +0000},
	Isbn = {9780470747612},
	Lccn = {2010487083},
	Owner = {Fabian},
	Publisher = {John Wiley \& Sons},
	Timestamp = {2012.07.21},
	Title = {Unauthorised Access: Physical Penetration Testing For IT Security Teams},
	Year = {2009},
	Bdsk-Url-1 = {http://books.google.de/books?id=3sni%5C_HdNV1QC}}

@book{bendisch2006projekte,
	Author = {Bendisch, R. and Kern, U.},
	Date-Added = {2013-01-07 09:24:50 +0000},
	Date-Modified = {2013-01-07 09:24:50 +0000},
	Isbn = {9783892750482},
	Publisher = {MA, Akad.-Verlag},
	Series = {FOM-Projektmanagement},
	Title = {Projekte managen: Basiswissen kompakt;[Wissen f{\"u}r Praktiker auf den Punkt gebracht, Schnellleseunterst{\"u}tzung, grafischer Wegweiser, Lernkontrolle]},
	Year = {2006},
	Bdsk-Url-1 = {http://books.google.de/books?id=3Wy5tgAACAAJ}}

@book{Berbig,
	Author = {Cathleen Berbig},
	Date-Added = {2013-01-07 09:24:50 +0000},
	Date-Modified = {2013-01-07 09:24:50 +0000},
	Edition = {1., Aufl.},
	Keywords = {berbig, teambildung},
	Pages = {12--14},
	Publisher = {Cathleen Berbig},
	Title = {Teambildende Ma{\ss}nahmen zur F{\"o}rderung der Gruppenkoh{\"a}sion im Sportspiel Basketball},
	Year = {2009}}

@book{germanyjugendschutzgesetz,
	Author = {BGBI.},
	Date-Added = {2013-01-07 09:24:50 +0000},
	Date-Modified = {2013-01-07 09:24:50 +0000},
	Title = {Jugendschutzgesetz},
	Year = {23. Juli 2002, 31. Oktober 2008}}

@book{bohinc2011fuehrung,
	Author = {Bohinc, T.},
	Date-Added = {2013-01-07 09:24:50 +0000},
	Date-Modified = {2013-01-07 09:24:50 +0000},
	Isbn = {9783642226250},
	Publisher = {Springer Verlag},
	Title = {F{\"u}hrung im Projekt: F{\"u}hrungswissen f{\"u}r Projektleiter},
	Year = {2011},
	Bdsk-Url-1 = {http://books.google.de/books?id=vb9vsb8JNKsC}}

@book{dembowski2009lokale,
	Author = {Dembowski, K.},
	Date-Added = {2013-01-07 09:24:50 +0000},
	Date-Modified = {2013-01-07 09:24:50 +0000},
	Isbn = {9783827328632},
	Publisher = {Addison Wesley Verlag},
	Title = {Lokale Netze: Handbuch der kompletten Netzwerktechnik},
	Year = {2009},
	Bdsk-Url-1 = {http://books.google.de/books?id=qyU3m9RUR5UC}}

@book{DIN69901,
	Author = {{Deutsches Institut f{\"u}r Normung e. V.}},
	Date-Added = {2013-01-07 09:24:50 +0000},
	Date-Modified = {2013-01-07 09:24:50 +0000},
	Keywords = {DIN, 69901},
	Publisher = {Beuth Verlag},
	Title = {DIN 69901 Projektmanagement - Projektmanagementsysteme},
	Year = {2009}}

@book{diethelm2001projektmanagement,
	Author = {Diethelm, G.},
	Date-Added = {2013-01-07 09:24:50 +0000},
	Date-Modified = {2013-01-07 09:24:50 +0000},
	Isbn = {9783482514012},
	Publisher = {Verl. Neue Wirtschafts-Briefe},
	Series = {Projektmanagement},
	Title = {Projektmanagement: Sonderfragen : Personalmanagement in Projekten, Qualit{\"a}tssicherung und Projektkontrolle, Besonderheiten des strategischen und internationalen Projektmanagements},
	Year = {2001},
	Bdsk-Url-1 = {http://books.google.de/books?id=4J8zAAAACAAJ}}

@book{diethelm2000projektmanagement,
	Author = {Diethelm, G.},
	Date-Added = {2013-01-07 09:24:50 +0000},
	Date-Modified = {2013-01-07 09:24:50 +0000},
	Isbn = {9783482511714},
	Publisher = {Verlag Neue Wirtschafts-Briefe},
	Series = {Betriebswirtschaft in Studium und Praxis},
	Title = {Projektmanagement: Grundlagen : Kennzeichen erfolgreicher Projektabwicklung ; Aufbau und Ablauf des Projektmanagements ; Planung, {\"U}berwachung und Steuerung von Projekten},
	Year = {2000},
	Bdsk-Url-1 = {http://books.google.de/books?id=Zs9ZHAAACAAJ}}

@book{duden2012Management,
	Author = {Duden},
	Date-Added = {2013-01-07 09:24:50 +0000},
	Date-Modified = {2013-01-07 09:24:50 +0000},
	Language = {German},
	Owner = {Fabian},
	Publisher = {Bibliographisches Institut GmbH},
	Timestamp = {2013.01.04},
	Title = {Stichwort: Management},
	Url = {http://www.duden.de/node/673152/revisions/890931/view},
	Year = {2012},
	Bdsk-Url-1 = {http://www.duden.de/node/673152/revisions/890931/view}}

@book{duschinski2007web,
	Author = {Duschinski, H.},
	Date-Added = {2013-04-21 21:42:17 +0000},
	Date-Modified = {2013-04-21 21:42:17 +0000},
	Isbn = {9783836653190},
	Publisher = {Diplomica Verlag},
	Title = {Web 2.0: Chancen und Risiken f{\"u}r die Unternehmenskommunikation},
	Url = {http://books.google.de/books?id=0Bfw6Wi8a4EC},
	Year = {2007},
	Bdsk-Url-1 = {http://books.google.de/books?id=0Bfw6Wi8a4EC}}

@book{dye2008netzwerkgrundlagen,
	Author = {Dye, M. and McDonald, R. and Rufi, A.},
	Date-Added = {2013-01-07 09:24:50 +0000},
	Date-Modified = {2013-01-07 09:24:50 +0000},
	Isbn = {9783827326850},
	Owner = {Fabian},
	Publisher = {Addison Wesley Verlag},
	Series = {Cisco Press},
	Timestamp = {2012.07.06},
	Title = {Netzwerkgrundlagen- CCNA Exploration Companion Guide},
	Year = {2008},
	Bdsk-Url-1 = {http://books.google.de/books?id=0bS195LOjNMC}}

@book{ebenh2008verbale,
	Author = {Ebenh{\"o}h, U.},
	Date-Added = {2013-01-07 09:24:50 +0000},
	Date-Modified = {2013-01-07 09:24:50 +0000},
	Isbn = {9783638010047},
	Keywords = {kommunikation},
	Publisher = {GRIN Verlag GmbH},
	Title = {Verbale und nonverbale Aspekte der Kommunikation bei G. H. Mead},
	Year = {2008},
	Bdsk-Url-1 = {http://books.google.de/books?id=VUsPgiOFdf4C}}

@article{iee8023afpss,
	Author = {Michael Edwards},
	Date-Added = {2013-01-07 09:24:50 +0000},
	Date-Modified = {2013-01-07 09:24:50 +0000},
	Owner = {Fabian},
	Timestamp = {2012.07.18},
	Title = {IEEE 802.3af DTE Power Supply Specification},
	Url = {http://www.ieee802.org/3/power_study/public/email_attach/DTE_pwr_spec.pdf},
	Year = {2000},
	Bdsk-Url-1 = {http://www.ieee802.org/3/power_study/public/email_attach/DTE_pwr_spec.pdf}}

@book{Eigner2009,
	Author = {Eigner, M. and Stelzer, R.},
	Date-Added = {2013-01-07 09:24:50 +0000},
	Date-Modified = {2013-01-07 09:24:50 +0000},
	Isbn = {9783540443735},
	Owner = {Fabian},
	Publisher = {Springer},
	Timestamp = {2013.01.01},
	Title = {Product Lifecycle Management: Ein Leitfaden f{\"u}r Product Development und Life Cycle Management},
	Url = {http://books.google.de/books?id=HpzIHvOXXDQC},
	Year = {2009},
	Bdsk-Url-1 = {http://books.google.de/books?id=HpzIHvOXXDQC}}

@book{eigner2009product,
	Author = {Eigner, M. and Stelzer, R.},
	Date-Added = {2013-01-07 09:24:50 +0000},
	Date-Modified = {2013-01-07 09:24:50 +0000},
	Isbn = {9783540443735},
	Owner = {Fabian},
	Publisher = {Springer},
	Timestamp = {2013.01.04},
	Title = {Product Lifecycle Management: Ein Leitfaden f{\"u}r Product Development und Life Cycle Management},
	Url = {http://books.google.de/books?id=HpzIHvOXXDQC},
	Year = {2009},
	Bdsk-Url-1 = {http://books.google.de/books?id=HpzIHvOXXDQC}}

@article{heise2007jugendschutzfilter,
	Author = {Monika Ermert},
	Date-Added = {2013-01-07 09:24:50 +0000},
	Date-Modified = {2013-01-07 09:24:50 +0000},
	Journal = {heise.de},
	Owner = {Fabian},
	Timestamp = {2012.07.08},
	Title = {Schlechte Noten f{\"u}r Internet-Jugendschutzfilter},
	Url = {http://www.heise.de/newsticker/meldung/Schlechte-Noten-fuer-Internet-Jugendschutzfilter-152060.html},
	Year = {2007},
	Bdsk-Url-1 = {http://www.heise.de/newsticker/meldung/Schlechte-Noten-fuer-Internet-Jugendschutzfilter-152060.html}}

@article{heise2003jugendschutzfilter,
	Author = {Monika Ermert},
	Date-Added = {2013-01-07 09:24:50 +0000},
	Date-Modified = {2013-01-07 09:24:50 +0000},
	Journal = {heise.de},
	Owner = {Fabian},
	Timestamp = {2012.07.08},
	Title = {Gutachten: Unzureichender Jugendschutz durch Filtersysteme},
	Url = {http://www.heise.de/newsticker/meldung/Gutachten-Unzureichender-Jugendschutz-durch-Filtersysteme-77129.html},
	Year = {2003},
	Bdsk-Url-1 = {http://www.heise.de/newsticker/meldung/Gutachten-Unzureichender-Jugendschutz-durch-Filtersysteme-77129.html}}

@book{frey2009rechtliche,
	Author = {Frey, D. and Rudolph, M.},
	Date-Added = {2013-01-07 09:24:50 +0000},
	Date-Modified = {2013-01-07 09:24:50 +0000},
	Isbn = {9783839117057},
	Owner = {Fabian},
	Publisher = {Books on Demand GmbH},
	Timestamp = {2012.07.07},
	Title = {Rechtliche Evaluierung des Jugendmedienschutz-Staatsvertrags},
	Year = {2009},
	Bdsk-Url-1 = {http://books.google.de/books?id=Rref3wDAS04C}}

@book{gast2005802,
	Author = {Gast, M.},
	Date-Added = {2013-01-07 09:24:50 +0000},
	Date-Modified = {2013-01-07 09:24:50 +0000},
	Isbn = {9780596100520},
	Lccn = {2006271874},
	Owner = {Fabian},
	Publisher = {O'Reilly},
	Series = {Definitive Guide Series},
	Timestamp = {2012.07.22},
	Title = {802.11 Wireless Networks: The Definitive Guide},
	Year = {2005},
	Bdsk-Url-1 = {http://books.google.de/books?id=9rHnRzzMHLIC}}

@book{gier2006wlan,
	Author = {Gier, M.},
	Date-Added = {2013-01-07 09:24:50 +0000},
	Date-Modified = {2013-01-07 09:24:50 +0000},
	Isbn = {9783981124309},
	Publisher = {Unika-Fachverl.},
	Title = {WLAN und Hotspot Know How},
	Year = {2006},
	Bdsk-Url-1 = {http://books.google.de/books?id=Uxlt%5C_1p6lagC}}

@article{computerwoche200618,
	Author = {Hartmut Giesen},
	Date-Added = {2013-01-07 09:24:50 +0000},
	Date-Modified = {2013-01-07 09:24:50 +0000},
	Journal = {Computerwoche},
	Lastchecked = {03.07.2012},
	Title = {Ein sicheres Netz f{\"u}r vier Firmen},
	Url = {http://www.computerwoche.de/heftarchiv/2006/18/1214406/},
	Urldate = {28.04.2006},
	Volume = {18},
	Year = {2006},
	Bdsk-Url-1 = {http://www.computerwoche.de/heftarchiv/2006/18/1214406/}}

@book{gopi2005global,
	Author = {Gopi, S.},
	Isbn = {9780070585997},
	Owner = {Fabian},
	Publisher = {Tata Mcgraw-Hill Publishing Company Limited},
	Series = {McGraw-Hill civil engineering series},
	Timestamp = {2013.05.02},
	Title = {Global Positioning System: Principles And Applications},
	Url = {http://books.google.de/books?id=caK3mhGyKVsC},
	Year = {2005},
	Bdsk-Url-1 = {http://books.google.de/books?id=caK3mhGyKVsC}}

@other{afphandy2012,
	Annote = {Artikel aus Quellen der AFP.},
	Author = {Handelsblatt},
	Date-Added = {2013-04-21 15:33:50 +0000},
	Date-Modified = {2013-04-21 15:42:53 +0000},
	Lastchecked = {21.04.2013},
	Title = {112 Millionen aktive Handy in Deutschland},
	Url = {http://www.handelsblatt.com/technologie/it-tk/mobile-welt/neuer-rekord-112-millionen-aktive-handy-in-deutschland/6256418.html#hcf-add-comment-id},
	Urldate = {26.02.2013},
	Bdsk-Url-1 = {http://www.handelsblatt.com/technologie/it-tk/mobile-welt/neuer-rekord-112-millionen-aktive-handy-in-deutschland/6256418.html#hcf-add-comment-id}}

@book{herrmann2009ganzheitliches,
	Author = {Herrmann, C.},
	Date-Added = {2013-01-07 09:24:50 +0000},
	Date-Modified = {2013-01-07 09:24:50 +0000},
	Isbn = {9783642014208},
	Owner = {Fabian},
	Publisher = {Springer},
	Series = {VDI-Buch},
	Timestamp = {2013.01.04},
	Title = {Ganzheitliches Life Cycle Management: Nachhaltigkeit und Lebenszyklusorientierung in Unternehmen},
	Url = {http://books.google.de/books?id=aSmtxCFTh80C},
	Year = {2009},
	Bdsk-Url-1 = {http://books.google.de/books?id=aSmtxCFTh80C}}

@book{hoffmann2010data,
	Author = {Hoffmann, D.},
	Date-Added = {2013-01-07 09:24:50 +0000},
	Date-Modified = {2013-01-07 09:24:50 +0000},
	Isbn = {9783836695930},
	Owner = {Fabian},
	Publisher = {Diplomica Verlag Gmbh},
	Timestamp = {2013.01.03},
	Title = {Data Warehouse Im Rahmen Der Business Intelligence: Konzeption Eines Vorgehensmodells},
	Url = {http://books.google.de/books?id=3CAapfakLTkC},
	Year = {2010},
	Bdsk-Url-1 = {http://books.google.de/books?id=3CAapfakLTkC}}

@book{hohm2000soziale,
	Author = {Hohm, H.J.},
	Date-Added = {2013-01-07 09:24:50 +0000},
	Date-Modified = {2013-01-07 09:24:50 +0000},
	Isbn = {9783779907572},
	Keywords = {kommunikation, sozial},
	Publisher = {Juventa-Verlag},
	Series = {Grundlagentexte Soziale Berufe},
	Title = {Soziale Systeme, Kommunikation, Mensch: Eine Einf{\"u}hrung in soziologische Systemtheorie},
	Year = {2000},
	Bdsk-Url-1 = {http://books.google.de/books?id=dbNoZaNv43sC}}

@article{iee8023s1,
	Author = {IEEE},
	Date-Added = {2013-01-07 09:24:50 +0000},
	Date-Modified = {2013-01-07 09:24:50 +0000},
	Owner = {Fabian},
	Timestamp = {2012.07.18},
	Title = {802.3 Section 1},
	Url = {http://standards.ieee.org/getieee802/download/802.3-2008_section1.pdf},
	Year = {2009},
	Bdsk-Url-1 = {http://standards.ieee.org/getieee802/download/802.3-2008_section1.pdf}}

@article{iee8023s2,
	Author = {IEEE},
	Date-Added = {2013-01-07 09:24:50 +0000},
	Date-Modified = {2013-01-07 09:24:50 +0000},
	Owner = {Fabian},
	Timestamp = {2012.07.18},
	Title = {802.3 Section 2},
	Url = {http://standards.ieee.org/getieee802/download/802.3-2008_section2.pdf},
	Year = {2009},
	Bdsk-Url-1 = {http://standards.ieee.org/getieee802/download/802.3-2008_section2.pdf}}

@book{kuepper2005location,
	Author = {K{\"u}pper, A.},
	Date-Added = {2013-04-21 20:25:04 +0000},
	Date-Modified = {2013-04-21 20:25:04 +0000},
	Isbn = {9780470092323},
	Publisher = {Wiley},
	Title = {Location-Based Services: Fundamentals and Operation},
	Url = {http://books.google.de/books?id=-F3-eklYWvwC},
	Year = {2005},
	Bdsk-Url-1 = {http://books.google.de/books?id=-F3-eklYWvwC}}

@book{kercher2002nonverbale,
	Author = {Kercher, J.},
	Date-Added = {2013-01-07 09:24:50 +0000},
	Date-Modified = {2013-01-07 09:24:50 +0000},
	Isbn = {9783638119863},
	Publisher = {GRIN Verlag GmbH},
	Title = {Nonverbale Kommunikation},
	Year = {2002},
	Bdsk-Url-1 = {http://books.google.de/books?id=6AYVA5kzARcC}}

@book{kersten2012mobile,
	Author = {Kersten, H. and Klett, G.},
	Date-Added = {2013-04-21 20:39:27 +0000},
	Date-Modified = {2013-04-21 20:39:27 +0000},
	Isbn = {9783826692147},
	Publisher = {mitp-Verlag},
	Series = {mitp Professional},
	Title = {Mobile Device Management},
	Url = {http://books.google.de/books?id=FEzbJ5ZvQmAC},
	Year = {2012},
	Bdsk-Url-1 = {http://books.google.de/books?id=FEzbJ5ZvQmAC}}

@book{kral2006wlan,
	Author = {Kral, A.},
	Date-Added = {2013-01-07 09:24:50 +0000},
	Date-Modified = {2013-01-07 09:24:50 +0000},
	Isbn = {9783772364983},
	Owner = {Fabian},
	Publisher = {Franzis},
	Series = {Franzis echt einfach},
	Timestamp = {2012.07.21},
	Title = {WLAN f{\"u}r Schnelleinsteiger},
	Year = {2006},
	Bdsk-Url-1 = {http://books.google.de/books?id=cHNpCDGNJNcC}}

@book{kulbe2009grundwissen,
	Author = {Kulbe, A.},
	Date-Added = {2013-01-07 09:24:50 +0000},
	Date-Modified = {2013-01-07 09:24:50 +0000},
	Isbn = {9783170208032},
	Publisher = {Kohlhammer},
	Series = {Kohlhammer Pflege},
	Title = {Grundwissen Psychologie, Soziologie und P{\"a}dagogik: Lehrbuch f{\"u}r Pflegeberufe},
	Year = {2009},
	Bdsk-Url-1 = {http://books.google.de/books?id=pT-jCCYHt70C}}

@book{kurose2008computernetzwerke,
	Author = {Kurose, J.F. and Ross, K.W.},
	Date-Added = {2013-01-07 09:24:50 +0000},
	Date-Modified = {2013-01-07 09:24:50 +0000},
	Isbn = {9783827373304},
	Owner = {Fabian},
	Publisher = {Pearson Studium},
	Series = {IT - Informatik},
	Timestamp = {2012.07.22},
	Title = {Computernetzwerke: Der Top-Down-Ansatz},
	Year = {2008},
	Bdsk-Url-1 = {http://books.google.de/books?id=36vPdcV78YkC}}

@book{kuster2011handbuch,
	Author = {Kuster, J. and Huber, E. and Lippmann, R. and Schmid, A. and Schneider, E. and Witschi, U. and W{\"u}st, R.},
	Date-Added = {2013-01-07 09:24:50 +0000},
	Date-Modified = {2013-01-07 09:24:50 +0000},
	Isbn = {9783642212420},
	Publisher = {Springer-Verlag GmbH},
	Series = {SpringerLink : B{\"u}cher},
	Title = {Handbuch Projektmanagement},
	Year = {2011},
	Bdsk-Url-1 = {http://books.google.de/books?id=RL50IqWewfYC}}

@book{ladengruber2012mobile,
	Author = {Ladengruber, R.},
	Date-Added = {2013-01-07 09:24:50 +0000},
	Date-Modified = {2013-01-07 09:24:50 +0000},
	Isbn = {9783656130376},
	Owner = {Fabian},
	Publisher = {GRIN Verlag},
	Timestamp = {2013.01.04},
	Title = {Mobile Erfassung von Instandhaltungsmeldungen in komplexen Organisationen im Zusammenhang mit SAP als ERP System},
	Url = {http://books.google.de/books?id=yffxghj55Y8C},
	Year = {2012},
	Bdsk-Url-1 = {http://books.google.de/books?id=yffxghj55Y8C}}

@book{lerg2002grosse,
	Author = {Lerg, A. and Stolz, A.},
	Date-Added = {2013-01-07 09:24:50 +0000},
	Date-Modified = {2013-01-07 09:24:50 +0000},
	Isbn = {9783815825006},
	Owner = {Fabian},
	Publisher = {Data Becker},
	Timestamp = {2012.07.15},
	Title = {Das gro{\ss}e Buch Wireless LAN \& Bluetooth},
	Year = {2002},
	Bdsk-Url-1 = {http://books.google.de/books?id=isL1PQAACAAJ}}

@book{litke2007projektmanagement,
	Author = {Litke, H.D.},
	Date-Added = {2013-01-07 09:24:50 +0000},
	Date-Modified = {2013-01-07 09:24:50 +0000},
	Isbn = {9783446409972},
	Publisher = {Hanser Fachbuchverlag},
	Title = {Projektmanagement: Methoden, Techniken, Verhaltensweisen. Evolution{\"a}res Projektmanagement},
	Year = {2007},
	Bdsk-Url-1 = {http://books.google.de/books?id=hN0NKAP87YwC}}

@book{luntovskyy2011planung,
	Author = {Luntovskyy, A. and Gutter, D. and G{\"u}tter, D. and Melnyk, I.},
	Date-Added = {2013-01-07 09:24:50 +0000},
	Date-Modified = {2013-01-07 09:24:50 +0000},
	Isbn = {9783834814586},
	Owner = {Fabian},
	Publisher = {Vieweg+Teubner Verlag},
	Timestamp = {2012.07.15},
	Title = {Planung und Optimierung von Rechnernetzen: Methoden, Modelle, Tools f{\"u}r Entwurf, Diagnose und Management im Lebenszyklus von drahtgebundenen und drahtlosen Rechnernetzen},
	Year = {2011},
	Bdsk-Url-1 = {http://books.google.de/books?id=XGthAlijk20C}}

@book{Moehrle2012,
	Author = {Prof. Dr. Martin G. M{\"o}hrle and Prof. Dr. Dieter Specht},
	Date-Added = {2013-01-07 09:24:50 +0000},
	Date-Modified = {2013-01-07 09:24:50 +0000},
	Journal = {Gabler Wirtschaftslexikon},
	Owner = {Fabian},
	Publisher = {Gabler Verlag},
	Timestamp = {2013.01.02},
	Title = {Stichwort: Lebenszyklus},
	Url = {http://wirtschaftslexikon.gabler.de/Archiv/55241/lebenszyklus-v7.html},
	Year = {2012},
	Bdsk-Url-1 = {http://wirtschaftslexikon.gabler.de/Archiv/55241/lebenszyklus-v7.html}}

@book{meier2009projektmanagement,
	Author = {Meier, R.},
	Date-Added = {2013-01-07 09:24:50 +0000},
	Date-Modified = {2013-01-07 09:24:50 +0000},
	Isbn = {9783869360164},
	Publisher = {GABAL Verlag GmbH},
	Title = {Projektmanagement: Grundlagen, Methoden und Techniken},
	Year = {2009},
	Bdsk-Url-1 = {http://books.google.de/books?id=bvwfCz4e604C}}

@book{metter2012industrial,
	Author = {Metter, M. and Bucher, R.},
	Date-Added = {2013-01-07 09:24:50 +0000},
	Date-Modified = {2013-01-07 09:24:50 +0000},
	Isbn = {9783895786891},
	Owner = {Fabian},
	Publisher = {John Wiley \& Sons},
	Timestamp = {2012.07.23},
	Title = {Industrial Ethernet in der Automatisierungstechnik},
	Year = {2012},
	Bdsk-Url-1 = {http://books.google.de/books?id=l7GA2ZD%5C_X64C}}

@article{mssafepwpp,
	Author = {Microsoft},
	Date-Added = {2013-01-07 09:24:50 +0000},
	Date-Modified = {2013-01-07 09:24:50 +0000},
	Owner = {Fabian},
	Timestamp = {2012.07.21},
	Title = {Tipps zum Erstellen sicherer Kennw{\"o}rter und Passphrasen},
	Url = {http://windows.microsoft.com/de-de/windows7/Tips-for-creating-strong-passwords-and-passphrases},
	Year = {2012},
	Bdsk-Url-1 = {http://windows.microsoft.com/de-de/windows7/Tips-for-creating-strong-passwords-and-passphrases}}

@misc{molcho96,
	Abstract = {T{\"a}glich benutzen wir sie, die K{\"o}rpersprache, die unser elementarstes
	Kommunkationsmittel ist, und doch sch{\"o}pfen wir bei weitem nicht
	alle ihre M{\"o}glichkeiten aus. Der ber{\"u}hmte Pantomime Samy
	Molcho veranschaulicht anhand einmaliger Fotos, was man alles durch
	Gestik, Mimik und K{\"o}rperhaltung ausdr{\"u}cken kann - ohne ein
	einziges Wort!},
	Author = {Samy Molcho},
	Date-Added = {2013-01-07 09:24:50 +0000},
	Date-Modified = {2013-01-07 09:24:50 +0000},
	Isbn = {3442126673},
	Keywords = {General AAS, K{\"o}rpersprache, Psychologie und Hilfe, B{\"u}cher Trade-In, Taschenbuch, Condition (condition-type), Normale Gr{\"o}{\ss}e, Samy Molcho},
	Language = {Deutsch (Unbekannt), Deutsch (Original), Deutsch (Published)},
	Number = {0},
	Pages = {256},
	Publisher = {Goldmann Verlag},
	Title = {K{\"o}rpersprache},
	Year = {1996}}

@book{ramachandran2011backtrack,
	Author = {Ramachandran, V.},
	Date-Added = {2013-01-07 09:24:50 +0000},
	Date-Modified = {2013-01-07 09:24:50 +0000},
	Isbn = {9781849515580},
	Owner = {Fabian},
	Publisher = {Packt Publishing, Limited},
	Timestamp = {2012.07.20},
	Title = {BackTrack 5 Wireless Penetration Testing Beginner's Guide},
	Year = {2011},
	Bdsk-Url-1 = {http://books.google.de/books?id=sq3wZ2IUOvIC}}

@book{rogl2010mediation,
	Author = {Rogl, S.},
	Date-Added = {2013-01-07 09:24:50 +0000},
	Date-Modified = {2013-01-07 09:24:50 +0000},
	Isbn = {9783842341876},
	Publisher = {Books on Demand},
	Title = {Mediation \& Nonverbale Kommunikation:},
	Year = {2010},
	Bdsk-Url-1 = {http://books.google.de/books?id=ofErW7e%5C_B%5C_8C}}

@electronic{lbsruwe2013,
	Language = {Deutsch},
	Month = {Februar},
	Owner = {Fabian},
	Timestamp = {2013.05.01},
	Title = {LBS heute: 2 kg schwer, 6 cm hoch},
	Url = {http://www.mobile-zeitgeist.com/2013/02/28/lbs-heute-2-kg-schwer-6-cm-hoch/},
	Year = {2013},
	Bdsk-Url-1 = {http://www.mobile-zeitgeist.com/2013/02/28/lbs-heute-2-kg-schwer-6-cm-hoch/}}

@book{schein2008kommunikation,
	Author = {Schein, S.},
	Date-Added = {2013-01-07 09:24:50 +0000},
	Date-Modified = {2013-01-07 09:24:50 +0000},
	Isbn = {9783640162628},
	Keywords = {kommunikation, studienarbeit},
	Publisher = {GRIN Verlag GmbH},
	Title = {Kommunikation- Definition, Ablauf, Arten},
	Year = {2008},
	Bdsk-Url-1 = {http://books.google.de/books?id=TV2PlI6G1x0C}}

@book{schiller2004location,
	Author = {Schiller, J. and Voisard, A.},
	Date-Added = {2013-04-21 19:44:08 +0000},
	Date-Modified = {2013-04-21 19:44:08 +0000},
	Isbn = {9780080491721},
	Publisher = {Elsevier Science},
	Series = {The Morgan Kaufmann Series in Data Management Systems},
	Title = {Location-Based Services},
	Url = {http://books.google.de/books?id=wj19b5wVfXAC},
	Year = {2004},
	Bdsk-Url-1 = {http://books.google.de/books?id=wj19b5wVfXAC}}

@book{schnabel2009datenschutz,
	Author = {Schnabel, C.},
	Isbn = {9783899586985},
	Owner = {Fabian},
	Publisher = {Kassel University Press},
	Series = {Forum Wirtschaftsrecht},
	Timestamp = {2013.05.01},
	Title = {Datenschutz bei profilbasierten Location Based Services. Die datenschutzad{\"a}quate Gestaltung von Service-Plattformen f{\"u}r Mobilkommunikation},
	Url = {http://books.google.de/books?id=26bIe8SV9cgC},
	Year = {2009},
	Bdsk-Url-1 = {http://books.google.de/books?id=26bIe8SV9cgC}}

@book{schroeder2009supply,
	Author = {Schr{\"o}der, C. and Der, C.S.},
	Date-Added = {2013-01-07 09:24:50 +0000},
	Date-Modified = {2013-01-07 09:24:50 +0000},
	Isbn = {9783640320424},
	Owner = {Fabian},
	Publisher = {Hammer, Patrick, Tanja Hammer, Matthias Knoop, Julius Mittenzwei, Georg Steinbach u. Michael Teltscher. GRIN Verlag GbR},
	Timestamp = {2013.01.04},
	Title = {Supply Chain Management: Idee, Aufgaben, Ziele},
	Url = {http://books.google.de/books?id=9Z\_UZaQsgN4C},
	Year = {2009},
	Bdsk-Url-1 = {http://books.google.de/books?id=9Z%5C_UZaQsgN4C}}

@book{sendler2009plm,
	Author = {Sendler, U.},
	Date-Added = {2013-01-07 09:24:50 +0000},
	Date-Modified = {2013-01-07 09:24:50 +0000},
	Isbn = {9783540878971},
	Owner = {Fabian},
	Publisher = {Springer},
	Timestamp = {2013.01.03},
	Title = {Das PLM-Kompendium: Referenzbuch des Produkt-Lebenszyklus-Managements},
	Url = {http://books.google.de/books?id=-MFxuZe0cNkC},
	Year = {2009},
	Bdsk-Url-1 = {http://books.google.de/books?id=-MFxuZe0cNkC}}

@book{stark2011decision,
	Author = {Stark, J.},
	Date-Added = {2013-01-07 09:24:50 +0000},
	Date-Modified = {2013-01-07 09:24:50 +0000},
	Isbn = {9780857295460},
	Owner = {Fabian},
	Publisher = {Springer London},
	Series = {Decision Engineering},
	Timestamp = {2013.01.02},
	Title = {Decision Engineering: Product Lifecycle Management: 21st Century Paradigm for Product Realisation},
	Url = {http://books.google.de/books?id=q9AdtdDeuPsC},
	Year = {2011},
	Bdsk-Url-1 = {http://books.google.de/books?id=q9AdtdDeuPsC}}

@misc{kluever2007,
	Author = {Christina Stoica-Kl{\"u}ver and J{\"u}rgen Kl{\"u}er and J{\"o}rn Schmidt},
	Date-Added = {2013-01-07 09:24:50 +0000},
	Date-Modified = {2013-01-07 09:24:50 +0000},
	Edition = {1},
	Isbn = {393713722X},
	Keywords = {Erwachsenenbildung, General AAS, Gespr{\"a}chsf{\"u}hrung, K{\"o}rpersprache, B{\"u}cher Trade-In, Taschenbuch, Condition (condition-type), Normale Gr{\"o}{\ss}e},
	Language = {Deutsch (Unbekannt), Deutsch (Original), Deutsch (Published)},
	Number = {0},
	Pages = {188},
	Publisher = {W3l},
	Title = {Besser und erfolgreicher kommunizieren!: Vortr{\"a}ge, Gespr{\"a}che, Diskussionen},
	Year = {2007}}

@book{stummer2007global,
	Author = {Stummer, B.},
	Isbn = {9783638831253},
	Owner = {Fabian},
	Publisher = {Hammer, Patrick, Tanja Hammer, Matthias Knoop, Julius Mittenzwei, Georg Steinbach u. Michael Teltscher. GRIN Verlag GbR},
	Timestamp = {2013.05.02},
	Title = {Global Positioning System - Ein {\"U}berblick {\"U}ber Die Funktionsweise Des Gps},
	Url = {http://books.google.de/books?id=FqHBV99kib0C},
	Year = {2007},
	Bdsk-Url-1 = {http://books.google.de/books?id=FqHBV99kib0C}}

@book{Svonksvuori2011product,
	Author = {Svonksvuori, A. and Immonen, A.},
	Date-Added = {2013-01-07 09:24:50 +0000},
	Date-Modified = {2013-01-07 09:24:50 +0000},
	Isbn = {9783540781721},
	Lccn = {2008922905},
	Owner = {Fabian},
	Publisher = {Springer},
	Timestamp = {2013.01.02},
	Title = {Product Lifecycle Management},
	Url = {http://books.google.de/books?id=CiHbLm6twJMC},
	Year = {2011},
	Bdsk-Url-1 = {http://books.google.de/books?id=CiHbLm6twJMC}}

@article{iee8023af,
	Author = {802.3af Task Force},
	Date-Added = {2013-01-07 09:24:50 +0000},
	Date-Modified = {2013-01-07 09:24:50 +0000},
	Owner = {Fabian},
	Timestamp = {2012.07.18},
	Title = {IEEE P802.3af DTE Power via MDI Task Force},
	Url = {http://www.ieee802.org/3/af/index.html},
	Year = {2003},
	Bdsk-Url-1 = {http://www.ieee802.org/3/af/index.html}}

@book{volker2005product,
	Author = {Volker Arnold, P. and Dettmering, H. and Engel, T. and Karcher, A.},
	Date-Added = {2013-01-07 09:24:50 +0000},
	Date-Modified = {2013-01-07 09:24:50 +0000},
	Isbn = {9783540229971},
	Owner = {Fabian},
	Publisher = {Springer-Verlag GmbH},
	Timestamp = {2013.01.03},
	Title = {Product Lifecycle Management beherrschen: Ein Anwenderhandbuch f{\"u}r den Mittelstand},
	Url = {http://books.google.de/books?id=OXI6uKZY0uEC},
	Year = {2005},
	Bdsk-Url-1 = {http://books.google.de/books?id=OXI6uKZY0uEC}}

@book{wischnewski2001modernes,
	Author = {Wischnewski, E.},
	Date-Added = {2013-01-07 09:24:50 +0000},
	Date-Modified = {2013-01-07 09:24:50 +0000},
	Isbn = {9783528651480},
	Publisher = {Vieweg},
	Title = {Modernes Projektmanagement},
	Year = {2001},
	Bdsk-Url-1 = {http://books.google.de/books?id=eGNbHQAACAAJ}}
